% This file was created with JabRef 2.10.
% Encoding: Cp1252


@InProceedings{Bollacker1998,
  Title                    = {CiteSeer: An Autonomous Web Agent for Automatic Retrieval and Identification of Interesting Publications},
  Author                   = {Bollacker, Kurt D. and Lawrence, Steve and Giles, C. Lee},
  Booktitle                = {Proceedings of the Second International Conference on Autonomous Agents},
  Year                     = {1998},

  Address                  = {New York, NY, USA},
  Pages                    = {116--123},
  Publisher                = {ACM},
  Series                   = {AGENTS '98},

  Acmid                    = {280786},
  Doi                      = {10.1145/280765.280786},
  ISBN                     = {0-89791-983-1},
  Location                 = {Minneapolis, Minnesota, USA},
  Numpages                 = {8},
  Url                      = {http://doi.acm.org/10.1145/280765.280786}
}

@Article{Burke1997,
  Title                    = {Question answering from frequently asked question files: Experiences with the faq finder system},
  Author                   = {Burke, Robin D and Hammond, Kristian J and Kulyukin, Vladimir and Lytinen, Steven L and Tomuro, Noriko and Schoenberg, Scott},
  Journal                  = {AI magazine},
  Year                     = {1997},
  Number                   = {2},
  Pages                    = {57},
  Volume                   = {18},

  Owner                    = {KnutLucas},
  Timestamp                = {2015.12.13}
}

@InProceedings{Chetana2011,
  Title                    = {Statistical measure for assisting the multilingual information retrieval system evaluation using Normalized Distance Measure},
  Author                   = {Chetana, S. and Sujatha, P. and Korra, R.},
  Booktitle                = {Recent Trends in Information Technology (ICRTIT), 2011 International Conference on},
  Year                     = {2011},
  Month                    = {June},
  Pages                    = {728-731},

  Doi                      = {10.1109/ICRTIT.2011.5972444},
  Keywords                 = {document handling;information retrieval;information retrieval system evaluation;statistical analysis;MLIR systems;mean average precision;multilingual documents;multilingual information retrieval system evaluation;normalized distance measure;statistical measure;Computer science;Conferences;Estimation;Information retrieval;Measurement;Merging;Average Distance Measure (ADM);Discount cumulative gain (DCG);Merging Techniques;Multilingual Information Retrieval;Normalized Distance-based Performance Measure (NDPM)}
}

@Misc{CommunityWiki2015,
  Title                    = {{What is a "closed" or "on hold" question?}},

  Author                   = {CommunityWiki},
  HowPublished             = {\url{http://meta.stackexchange.com/questions/10582/what-is-a-closed-or-on-hold-question}},
  Year                     = {2015},

  Journal                  = {Meta.stackexchange.com},
  Url                      = {http://meta.stackexchange.com/questions/10582/what-is-a-closed-or-on-hold-question},
  Urldate                  = {2015-11-29}
}

@Article{Crutzen2011,
  Title                    = {An artificially intelligent chat agent that answers adolescents' questions related to sex, drugs, and alcohol: an exploratory study},
  Author                   = {Crutzen, Rik and Peters, Gjalt-Jorn Y and Portugal, Sarah Dias and Fisser, Erwin M and Grolleman, Jorne J},
  Journal                  = {Journal of Adolescent Health},
  Year                     = {2011},
  Number                   = {5},
  Pages                    = {514--519},
  Volume                   = {48},

  Publisher                = {Elsevier}
}

@InProceedings{Echihabi2003,
  Title                    = {A Noisy-channel Approach to Question Answering},
  Author                   = {Echihabi, Abdessamad and Marcu, Daniel},
  Booktitle                = {Proceedings of the 41st Annual Meeting on Association for Computational Linguistics - Volume 1},
  Year                     = {2003},

  Address                  = {Stroudsburg, PA, USA},
  Pages                    = {16--23},
  Publisher                = {Association for Computational Linguistics},
  Series                   = {ACL '03},

  Acmid                    = {1075099},
  Doi                      = {10.3115/1075096.1075099},
  Location                 = {Sapporo, Japan},
  Numpages                 = {8},
  Owner                    = {KnutLucas},
  Timestamp                = {2015.12.14},
  Url                      = {http://dx.doi.org/10.3115/1075096.1075099}
}

@InCollection{Ferschke2015,
  Title                    = {Positive Impact of Collaborative Chat Participation in an edX MOOC},
  Author                   = {Ferschke, Oliver and Yang, Diyi and Tomar, Gaurav and Rosè, CarolynPenstein},
  Booktitle                = {Artificial Intelligence in Education},
  Publisher                = {Springer International Publishing},
  Year                     = {2015},
  Editor                   = {Conati, Cristina and Heffernan, Neil and Mitrovic, Antonija and Verdejo, M. Felisa},
  Pages                    = {115-124},
  Series                   = {Lecture Notes in Computer Science},
  Volume                   = {9112},

  Doi                      = {10.1007/978-3-319-19773-9_12},
  ISBN                     = {978-3-319-19772-2},
  Keywords                 = {Collaborative reflection; Survival analysis; Massive open online courses},
  Language                 = {English},
  Owner                    = {KnutLucas},
  Timestamp                = {2015.12.14},
  Url                      = {http://dx.doi.org/10.1007/978-3-319-19773-9_12}
}

@Article{Figueroa2008,
  Title                    = {Genetic algorithms for data-driven web question answering},
  Author                   = {Figueroa, Alejandro G and Neumann, G{\"u}nter},
  Journal                  = {Evolutionary computation},
  Year                     = {2008},
  Number                   = {1},
  Pages                    = {89--125},
  Volume                   = {16},

  Publisher                = {MIT Press}
}

@InCollection{Franklin1997,
  Title                    = {Is it an Agent, or just a Program?: A Taxonomy for Autonomous Agents},
  Author                   = {Franklin, Stan and Graesser, Art},
  Booktitle                = {Intelligent Agents III Agent Theories, Architectures, and Languages},
  Publisher                = {Springer Berlin Heidelberg},
  Year                     = {1997},
  Editor                   = {M{\"u}ller, J{\"o}rgP. and Wooldridge, MichaelJ. and Jennings, NicholasR.},
  Pages                    = {21-35},
  Series                   = {Lecture Notes in Computer Science},
  Volume                   = {1193},

  Doi                      = {10.1007/BFb0013570},
  Owner                    = {KnutLucas},
  Timestamp                = {2015.12.16},
  Url                      = {http://dx.doi.org/10.1007/BFb0013570}
}

@InProceedings{Geetha2008,
  Title                    = {Simulative Performance Evaluation of Information Retrieval Systems},
  Author                   = {Geetha, D.E. and Naidu, G.K. and Kumar, T.V.S. and Kanth, K.R.},
  Booktitle                = {Modeling Simulation, 2008. AICMS 08. Second Asia International Conference on},
  Year                     = {2008},
  Month                    = {May},
  Pages                    = {297-302},

  Doi                      = {10.1109/AMS.2008.153},
  Keywords                 = {Internet;information retrieval systems;Internet;document collection;information retrieval system;simulative performance evaluation;Computer architecture;Delay;Information retrieval;Internet;Measurement;Object oriented modeling;Performance analysis;Software performance;Software systems;Unified modeling language;Information Retrieval Systems;Simulation;Software Performance;Unified Modeling Language}
}

@Misc{GitHub2015,
  Title                    = {edX Developer Stack},

  Author                   = {GitHub},
  Year                     = {2015},

  Owner                    = {KnutLucas},
  Timestamp                = {2015.12.13},
  Url                      = {https://github.com/edx/configuration/wiki/edX-Developer-Stack},
  Urldate                  = {2015-12-08}
}

@Misc{GitHub2015a,
  Title                    = {XBlock SDK},

  Author                   = {GitHub},
  Year                     = {2015},

  Owner                    = {KnutLucas},
  Timestamp                = {2015.12.13},
  Url                      = {https://github.com/edx/xblock-sdk},
  Urldate                  = {2015-12-13}
}

@Misc{GitHub2014,
  Title                    = {Five ways to extend edX},

  Author                   = {GitHub},
  Year                     = {2014},

  Owner                    = {KnutLucas},
  Timestamp                = {2015.12.13},
  Url                      = {https://github.com/edx/edx-platform/wiki/Five-ways-to-extend-edX},
  Urldate                  = {2015-12-08}
}

@Misc{Gulenko,
  Title                    = {Chatbot for IT Security Training: Using Motivational Interviewing to Improve Security Behaviour},

  Author                   = {Gulenko, Iwan},
  HowPublished             = {\url{http://ceur-ws.org/Vol-1197/paper2.pdf}},
  Note                     = {{Last Accessed: 16.12.2015}},

  Owner                    = {KnutLucas},
  Timestamp                = {2015.12.13},
  Url                      = {http://ceur-ws.org/Vol-1197/paper2.pdf}
}

@Article{Harnad2000,
  Title                    = {Minds, Machines and Turing},
  Author                   = {Harnad, S.},
  Journal                  = {Journal of Logic, Language and Information},
  Year                     = {2000},
  Number                   = {4},
  Pages                    = {425-445},
  Volume                   = {9},

  Doi                      = {10.1023/A:1008315308862},
  ISSN                     = {0925-8531},
  Keywords                 = {cognitive neuroscience; cognitive science; computation; computationalism; consciousness; dynamical systems; 
 epiphenomenalism; intelligence; machines; mental models; mind/body problem; other minds problem; philosophy of science; qualia; reverse engineering; 
 robotics; Searle; symbol grounding; theory of mind; thinking; Turing; underdetermination; Zombies},
  Language                 = {English},
  Owner                    = {KnutLucas},
  Publisher                = {Kluwer Academic Publishers},
  Timestamp                = {2015.12.14},
  Url                      = {http://dx.doi.org/10.1023/A%3A1008315308862}
}

@Article{Heie2012,
  Title                    = {Question answering using statistical language modelling},
  Author                   = {Heie, Matthias H and Whittaker, Edward WD and Furui, Sadaoki},
  Journal                  = {Computer Speech \& Language},
  Year                     = {2012},
  Number                   = {3},
  Pages                    = {193--209},
  Volume                   = {26},

  Publisher                = {Elsevier}
}

@InCollection{Imran2014,
  Title                    = {HIP - A Technology-Rich and Interactive Multimedia Pedagogical Platform},
  Author                   = {Imran, Ali Shariq and Kowalski, Stewart James},
  Booktitle                = {Learning and Collaboration Technologies. Designing and Developing Novel Learning Experiences},
  Publisher                = {Springer International Publishing},
  Year                     = {2014},
  Editor                   = {Zaphiris, Panayiotis and Ioannou, Andri},
  Pages                    = {151-160},
  Series                   = {Lecture Notes in Computer Science},
  Volume                   = {8523},

  Doi                      = {10.1007/978-3-319-07482-5_15},
  ISBN                     = {978-3-319-07481-8},
  Keywords                 = {eLearning; pedagogical platforms; hyper media; interactive media; intelligent chat bot},
  Language                 = {English},
  Owner                    = {KnutLucas},
  Timestamp                = {2015.12.14},
  Url                      = {http://dx.doi.org/10.1007/978-3-319-07482-5_15}
}

@InCollection{Jenkins2007,
  Title                    = {Analysis of User Interaction with Service Oriented Chatbot Systems},
  Author                   = {Jenkins, Marie-Claire and Churchill, Richard and Cox, Stephen and Smith, Dan},
  Booktitle                = {Human-Computer Interaction. HCI Intelligent Multimodal Interaction Environments},
  Publisher                = {Springer Berlin Heidelberg},
  Year                     = {2007},
  Editor                   = {Jacko, JulieA.},
  Pages                    = {76-83},
  Series                   = {Lecture Notes in Computer Science},
  Volume                   = {4552},

  Doi                      = {10.1007/978-3-540-73110-8_9},
  ISBN                     = {978-3-540-73108-5},
  Keywords                 = {human-computer interaction; chatbot; question-answering; communication; intelligent system; natural language; dialogue},
  Language                 = {English},
  Owner                    = {KnutLucas},
  Timestamp                = {2015.12.16},
  Url                      = {http://dx.doi.org/10.1007/978-3-540-73110-8_9}
}

@Article{Jia2009,
  Title                    = {CSIEC: A computer assisted English learning chatbot based on textual knowledge and reasoning},
  Author                   = {Jia, Jiyou},
  Journal                  = {Knowledge-Based Systems},
  Year                     = {2009},
  Number                   = {4},
  Pages                    = {249--255},
  Volume                   = {22},

  Owner                    = {KnutLucas},
  Publisher                = {Elsevier},
  Timestamp                = {2015.12.13}
}

@InCollection{Jia2008,
  Title                    = {Use Chatbot CSIEC to Facilitate the Individual Learning in English Instruction: A Case Study},
  Author                   = {Jia, Jiyou and Ruan, Meixian},
  Booktitle                = {Intelligent Tutoring Systems},
  Publisher                = {Springer Berlin Heidelberg},
  Year                     = {2008},
  Editor                   = {Woolf, BeverleyP. and AÃ¯meur, Esma and Nkambou, Roger and Lajoie, Susanne},
  Pages                    = {706-708},
  Series                   = {Lecture Notes in Computer Science},
  Volume                   = {5091},

  Doi                      = {10.1007/978-3-540-69132-7_84},
  ISBN                     = {978-3-540-69130-3},
  Language                 = {English},
  Owner                    = {KnutLucas},
  Timestamp                = {2015.12.13},
  Url                      = {http://dx.doi.org/10.1007/978-3-540-69132-7_84}
}

@Misc{Jones2015,
  Title                    = {Py-StackExchange},

  Author                   = {Jones, Lucas},
  Year                     = {2015},

  Journal                  = {GitHub},
  Owner                    = {KnutLucas},
  Timestamp                = {2015.12.16},
  Url                      = {https://github.com/lucjon/Py-StackExchange},
  Urldate                  = {2015-12-13}
}

@Article{Kerly2008,
  Title                    = {CALMsystem: a conversational agent for learner modelling},
  Author                   = {Kerly, Alice and Ellis, Richard and Bull, Susan},
  Journal                  = {Knowledge-Based Systems},
  Year                     = {2008},
  Number                   = {3},
  Pages                    = {238--246},
  Volume                   = {21},

  Owner                    = {KnutLucas},
  Publisher                = {Elsevier},
  Timestamp                = {2015.12.13}
}

@Article{Kerly2007,
  Title                    = {Bringing chatbots into education: Towards natural language negotiation of open learner models},
  Author                   = {Kerly, Alice and Hall, Phil and Bull, Susan},
  Journal                  = {Knowledge-Based Systems},
  Year                     = {2007},
  Number                   = {2},
  Pages                    = {177--185},
  Volume                   = {20},

  Owner                    = {KnutLucas},
  Publisher                = {Elsevier},
  Timestamp                = {2015.12.13}
}

@Article{Klusch2001,
  Title                    = {Information agent technology for the Internet: A survey },
  Author                   = {Matthias Klusch},
  Journal                  = {Data \& Knowledge Engineering },
  Year                     = {2001},
  Note                     = {Heterogeneous Information Resources Need Semantic Access },
  Number                   = {3},
  Pages                    = {337 - 372},
  Volume                   = {36},

  Doi                      = {http://dx.doi.org/10.1016/S0169-023X(00)00049-5},
  ISSN                     = {0169-023X},
  Keywords                 = {Intelligent agents},
  Owner                    = {KnutLucas},
  Timestamp                = {2015.12.16},
  Url                      = {http://www.sciencedirect.com/science/article/pii/S0169023X00000495}
}

@Article{Knill2004,
  Title                    = {An artificial intelligence experiment in college math education},
  Author                   = {Knill, Oliver and Carlsson, Johnny and Chi, Andrew and Lezama, Mark},
  Journal                  = {Preprint available at \url{http://www.math.harvard.edu/~knill/preprints/sofia.pdf}},
  Year                     = {2004},
  Note                     = {{Last Accessed: 16.12.2015}},

  Owner                    = {KnutLucas},
  Timestamp                = {2015.12.13}
}

@InCollection{Kowalski2013,
  Title                    = {Two Case Studies in Using Chatbots for Security Training},
  Author                   = {Kowalski, Stewart and Pavlovska, Katarina and Goldstein, Mikael},
  Booktitle                = {Information Assurance and Security Education and Training},
  Publisher                = {Springer Berlin Heidelberg},
  Year                     = {2013},
  Editor                   = {Dodge, Ronald C., Jr. and Futcher, Lynn},
  Pages                    = {265-272},
  Series                   = {IFIP Advances in Information and Communication Technology},
  Volume                   = {406},

  Doi                      = {10.1007/978-3-642-39377-8_31},
  HowPublished             = {\url{http://dx.doi.org/10.1007/978-3-642-39377-8_31}},
  ISBN                     = {978-3-642-39376-1},
  Keywords                 = {Security Awareness Training; Chatbots},
  Language                 = {English},
  Owner                    = {KnutLucas},
  Timestamp                = {2015.12.13},
  Url                      = {http://dx.doi.org/10.1007/978-3-642-39377-8_31}
}

@Misc{Lezina2013,
  Title                    = {Predict Closed Questions on StackOverflow},

  Author                   = {C Galina E. Lezina and Artem M. Kuznetsov},
  HowPublished             = {\url{http://citeseerx.ist.psu.edu/viewdoc/summary?doi=10.1.1.394.5678}},
  Note                     = {{Last Accessed: 25.09.2015}},
  Year                     = {2013},

  Url                      = {http://citeseerx.ist.psu.edu/viewdoc/summary?doi=10.1.1.394.5678}
}

@InProceedings{Lita2004,
  Title                    = {Unsupervised question answering data acquisition from local corpora},
  Author                   = {Lita, Lucian Vlad and Carbonell, Jaime},
  Booktitle                = {Proceedings of the thirteenth ACM international conference on Information and knowledge management},
  Year                     = {2004},
  Organization             = {ACM},
  Pages                    = {607--614}
}

@Article{Livingstone2006,
  Title                    = {Turing's Test and Believable AI in Games},
  Author                   = {Livingstone, Daniel},
  Journal                  = {Comput. Entertain.},
  Year                     = {2006},

  Month                    = jan,
  Number                   = {1},
  Volume                   = {4},

  Acmid                    = {1111303},
  Address                  = {New York, NY, USA},
  Articleno                = {6},
  Doi                      = {10.1145/1111293.1111303},
  ISSN                     = {1544-3574},
  Issue_date               = {January 2006},
  Keywords                 = {believability, evaluation, games},
  Owner                    = {KnutLucas},
  Publisher                = {ACM},
  Timestamp                = {2015.12.16},
  Url                      = {http://doi.acm.org/10.1145/1111293.1111303}
}

@Misc{Lucky2015,
  Title                    = {When the Problem Is the Problem},

  Author                   = {Lucky, Robert},
  HowPublished             = {\url{http://spectrum.ieee.org/at-work/innovation/when-the-problem-is-the-problem}},
  Year                     = {2011},

  Journal                  = {Spectrum.ieee.org},
  Url                      = {http://spectrum.ieee.org/at-work/innovation/when-the-problem-is-the-problem},
  Urldate                  = {2015-11-29}
}

@Misc{Nava2009,
  Title                    = {How to Create A Simple Web-based Chat Application},

  Author                   = {Nava, Gabriel},
  Year                     = {2009},

  Journal                  = {Code Envato Tuts+},
  Owner                    = {KnutLucas},
  Timestamp                = {2015.12.16},
  Url                      = {http://code.tutsplus.com/tutorials/how-to-create-a-simple-web-based-chat-application--net-5931},
  Urldate                  = {2015-12-13}
}

@Misc{Open.edx.org2015,
  Title                    = {Open edX | Open Courseware Development Platform},

  Author                   = {Open.edx.org},
  Year                     = {2015},

  Owner                    = {KnutLucas},
  Timestamp                = {2015.12.13},
  Url                      = {https://open.edx.org/},
  Urldate                  = {2015-12-08}
}

@InProceedings{Pasca2007,
  Title                    = {Lightweight Web-based fact repositories for textual question answering},
  Author                   = {Pa{\c{s}}ca, Marius},
  Booktitle                = {Proceedings of the sixteenth ACM conference on Conference on information and knowledge management},
  Year                     = {2007},
  Organization             = {ACM},
  Pages                    = {87--96}
}

@InProceedings{Ravichandran2002,
  Title                    = {Learning surface text patterns for a question answering system},
  Author                   = {Ravichandran, Deepak and Hovy, Eduard},
  Booktitle                = {Proceedings of the 40th Annual Meeting on Association for Computational Linguistics},
  Year                     = {2002},
  Organization             = {Association for Computational Linguistics},
  Pages                    = {41--47}
}

@InCollection{Reed2011,
  Title                    = {Teacher Agents: The Current State, Future Trends, and Many Roles of Intelligent Agents in Education},
  Author                   = {Reed, Kevin and Meiselwitz, Gabriele},
  Booktitle                = {Online Communities and Social Computing},
  Publisher                = {Springer Berlin Heidelberg},
  Year                     = {2011},
  Editor                   = {Ozok, A.Ant and Zaphiris, Panayiotis},
  Pages                    = {69-78},
  Series                   = {Lecture Notes in Computer Science},
  Volume                   = {6778},

  Doi                      = {10.1007/978-3-642-21796-8_8},
  ISBN                     = {978-3-642-21795-1},
  Keywords                 = {Intelligent agents; education; chatbot; tutoring systems},
  Language                 = {English},
  Owner                    = {KnutLucas},
  Timestamp                = {2015.12.13},
  Url                      = {http://dx.doi.org/10.1007/978-3-642-21796-8_8}
}

@Article{Riezler2010,
  Title                    = {Query rewriting using monolingual statistical machine translation},
  Author                   = {Riezler, Stefan and Liu, Yi},
  Journal                  = {Computational Linguistics},
  Year                     = {2010},
  Number                   = {3},
  Pages                    = {569--582},
  Volume                   = {36},

  Publisher                = {MIT Press}
}

@Misc{Rossi2011,
  Title                    = {Learning environments supported by Software Agents and Chat-bot},

  Author                   = {Rossi, Pier Giuseppe and Carletti, Simone and Impedovo, Maria Antonietta},
  HowPublished             = {\url{http://www.iiis.org/cds2011/cd2011imc/iceti_2011/paperspdf/eb230hk.pdf}},
  Note                     = {{Last Accessed: 16.12.2015}},
  Year                     = {2011},

  Owner                    = {KnutLucas},
  Timestamp                = {2015.12.13},
  Url                      = {http://www.iiis.org/cds2011/cd2011imc/iceti_2011/paperspdf/eb230hk.pdf}
}

@Book{Russell2013,
  Title                    = {Artificial Intelligence: A Modern Approach},
  Author                   = {Russell, Stuart J. and Norvig, Peter},
  Publisher                = {Pearson Education},
  Year                     = {2013},
  Edition                  = {3},

  ISBN                     = {978-1292024202},
  Place                    = {Harlow}
}

@InProceedings{Rzepka2009,
  Title                    = {Serious Processing for Frivolous Purpose: A Chatbot Using Web-mining Supported Affect Analysis and Pun Generation},
  Author                   = {Rzepka, Rafal and Shi, Wenhan and Ptaszynski, Michal and Dybala, Pawel and Higuchi, Shinsuke and Araki, Kenji},
  Booktitle                = {Proceedings of the 14th International Conference on Intelligent User Interfaces},
  Year                     = {2009},

  Address                  = {New York, NY, USA},
  Pages                    = {487--488},
  Publisher                = {ACM},
  Series                   = {IUI '09},

  Acmid                    = {1502728},
  Doi                      = {10.1145/1502650.1502728},
  ISBN                     = {978-1-60558-168-2},
  Keywords                 = {affect analysis, chatbot, pun generation, web-mining},
  Location                 = {Sanibel Island, Florida, USA},
  Numpages                 = {2},
  Url                      = {http://doi.acm.org/10.1145/1502650.1502728}
}

@InProceedings{Sasaki2005,
  Title                    = {Question answering as question-biased term extraction: a new approach toward multilingual QA},
  Author                   = {Sasaki, Yutaka},
  Booktitle                = {Proceedings of the 43rd Annual Meeting on Association for Computational Linguistics},
  Year                     = {2005},
  Organization             = {Association for Computational Linguistics},
  Pages                    = {215--222}
}

@Article{Spink2001,
  Title                    = {Searching the web: The public and their queries},
  Author                   = {Spink, Amanda and Wolfram, Dietmar and Jansen, Major B. J. and Saracevic, Tefko},
  Journal                  = {Journal of the American Society for Information Science and Technology},
  Year                     = {2001},
  Number                   = {3},
  Pages                    = {226--234},
  Volume                   = {52},

  Doi                      = {10.1002/1097-4571(2000)9999:9999<::AID-ASI1591>3.0.CO;2-R},
  ISSN                     = {1532-2890},
  Owner                    = {KnutLucas},
  Publisher                = {John Wiley \& Sons, Inc.},
  Timestamp                = {2015.12.16},
  Url                      = {http://dx.doi.org/10.1002/1097-4571(2000)9999:9999<::AID-ASI1591>3.0.CO;2-R}
}

@Misc{Stackoverflow.com2015,
  Title                    = {What does it mean if a question is "closed" or "on hold"? - Help Center},

  Author                   = {Stackoverflow.com},
  HowPublished             = {\url{http://stackoverflow.com/help/closed-questions}},
  Year                     = {2015},

  Url                      = {http://stackoverflow.com/help/closed-questions},
  Urldate                  = {2015-11-29}
}

@Misc{Stackoverflow.com2015,
  Title                    = {How to Ask},

  Author                   = {Stackoverflow.com},
  Year                     = {2015},

  Owner                    = {KnutLucas},
  Timestamp                = {2015.12.14},
  Url                      = {http://stackoverflow.com/questions/ask/advice?},
  Urldate                  = {2015-12-14}
}

@Misc{Stackoverflow.com2015a,
  Title                    = {What topics can I ask about here?},

  Author                   = {Stackoverflow.com},
  Year                     = {2015},

  Owner                    = {KnutLucas},
  Timestamp                = {2015.12.14},
  Url                      = {http://stackoverflow.com/help/on-topic},
  Urldate                  = {2015-12-14}
}

@Misc{Stackoverflow.com2015b,
  Title                    = {What types of questions should I avoid asking?},

  Author                   = {Stackoverflow.com},
  Year                     = {2015},

  Owner                    = {KnutLucas},
  Timestamp                = {2015.12.14},
  Url                      = {http://stackoverflow.com/help/dont-ask},
  Urldate                  = {2015-12-14}
}

@InProceedings{Treude2011,
  Title                    = {How do programmers ask and answer questions on the web? (NIER track)},
  Author                   = {Treude, C. and Barzilay, O. and Storey, M.},
  Booktitle                = {Software Engineering (ICSE), 2011 33rd International Conference on},
  Year                     = {2011},
  Month                    = {May},
  Pages                    = {804-807},

  Doi                      = {10.1145/1985793.1985907},
  ISSN                     = {0270-5257},
  Keywords                 = {Internet;Web sites;software engineering;NIER track;Q&A websites;question and answer;social media;software development;
 stack overflow;Documentation;Encoding;Knowledge engineering;Media;Programming;Software;USA Councils;q&a;questions;social media;stack overflow},
  Owner                    = {KnutLucas},
  Timestamp                = {2015.12.13},
  Url                      = {http://doi.acm.org/10.1145/1985793.1985907}
}

@Misc{cogprints.org1998,
  Title                    = {Computing Machinery and Intelligence},

  Author                   = {Turing, A. M.},
  HowPublished             = {\url{http://cogprints.org/499/}},
  Year                     = {1998},

  Url                      = {http://cogprints.org/499/},
  Urldate                  = {2015-12-14}
}

@Article{Waltz1978,
  Title                    = {An English Language Question Answering System for a Large Relational Database},
  Author                   = {Waltz, David L.},
  Journal                  = {Commun. ACM},
  Year                     = {1978},

  Month                    = jul,
  Number                   = {7},
  Pages                    = {526--539},
  Volume                   = {21},

  Acmid                    = {359550},
  Address                  = {New York, NY, USA},
  Doi                      = {10.1145/359545.359550},
  ISSN                     = {0001-0782},
  Issue_date               = {July 1978},
  Numpages                 = {14},
  Publisher                = {ACM},
  Url                      = {http://doi.acm.org/10.1145/359545.359550}
}

@Misc{Wikipedi2015,
  Title                    = {{ELIZA}},

  Author                   = {Wikipedia},
  HowPublished             = {\url{https://en.wikipedia.org/wiki/ELIZA}},
  Note                     = {{Last accessed 17.08.2015}},
  Year                     = {2015},

  Url                      = {https://en.wikipedia.org/wiki/ELIZA}
}

@InProceedings{Wu2007,
  Title                    = {Mining redundancy in candidate-bearing snippets to improve web question answering},
  Author                   = {Wu, Youzheng and Hu, Xinhui and Kashioka, Hideki},
  Booktitle                = {Proceedings of the sixteenth ACM conference on Conference on information and knowledge management},
  Year                     = {2007},
  Organization             = {ACM},
  Pages                    = {999--1002}
}

